@inproceedings{reynolds2002separation,
  title={Separation logic: A Logic for Shared Mutable Data Structures},
  author={Reynolds, John C},
  booktitle={Logic in Computer Science, 2002. Proceedings. 17th Annual IEEE Symposium on},
  pages={55--74},
  year={2002},
  organization={IEEE}
}

@article{calcagno2011compositional,
  title={Compositional shape analysis by means of bi-abduction},
  author={Calcagno, Cristiano and Distefano, Dino and O’hearn, Peter W and Yang, Hongseok},
  journal={Journal of the ACM (JACM)},
  volume={58},
  number={6},
  pages={26},
  year={2011},
  publisher={ACM}
}
@inproceedings{distefano2008jstar,
  title={jStar: Towards practical verification for Java},
  author={Distefano, Dino and Parkinson J, Matthew J},
  booktitle={ACM Sigplan Notices},
  volume={43},
  number={10},
  pages={213--226},
  year={2008},
  organization={ACM}
}
@inproceedings{cousot1977abstract,
  title={Abstract interpretation: a unified lattice model for static analysis of programs by construction or approximation of fixpoints},
  author={Cousot, Patrick and Cousot, Radhia},
  booktitle={Proceedings of the 4th ACM SIGACT-SIGPLAN symposium on Principles of programming languages},
  pages={238--252},
  year={1977},
  organization={ACM}
}
@inproceedings{distefano2009attacking,
  title={Attacking large industrial code with bi-abductive inference},
  author={Distefano, Dino},
  booktitle={International Workshop on Formal Methods for Industrial Critical Systems},
  pages={1--8},
  year={2009},
  organization={Springer}
}
@inproceedings{calcagno2011infer,
  title={Infer: An automatic program verifier for memory safety of C programs},
  author={Calcagno, Cristiano and Distefano, Dino},
  booktitle={NASA Formal Methods Symposium},
  pages={459--465},
  year={2011},
  organization={Springer}
}
@inproceedings{dudka2013byte,
  title={Byte-precise verification of low-level list manipulation},
  author={Dudka, Kamil and Peringer, Petr and Vojnar, Tom{\'a}{\v{s}}},
  booktitle={International Static Analysis Symposium},
  pages={215--237},
  year={2013},
  organization={Springer}
}
@inproceedings{berdine2007shape,
  title={Shape analysis for composite data structures},
  author={Berdine, Josh and Calcagno, Cristiano and Cook, Byron and Distefano, Dino and O’hearn, Peter W and Wies, Thomas and Yang, Hongseok},
  booktitle={International Conference on Computer Aided Verification},
  pages={178--192},
  year={2007},
  organization={Springer}
}
@inproceedings{berdine2005symbolic,
  title={Symbolic execution with separation logic},
  author={Berdine, Josh and Calcagno, Cristiano and O’hearn, Peter W},
  booktitle={Asian Symposium on Programming Languages and Systems},
  pages={52--68},
  year={2005},
  organization={Springer}
}

@inproceedings{tillmann2008pex,
  title={Pex~--- White Box Test Generation for .NET},
  author={Tillmann, Nikolai and De Halleux, Jonathan},
  booktitle={International conference on tests and proofs},
  pages={134--153},
  year={2008},
  organization={Springer}
}

@inproceedings{slaby2013compact,
  title={Compact Symbolic Execution},
  author={Slaby, Jiri and Strej{\v{c}}ek, Jan and Trt{\'\i}k, Marek},
  booktitle={International Symposium on Automated Technology for Verification and Analysis},
  pages={193--207},
  year={2013},
  organization={Springer}
}

@inproceedings{godefroid2007compositional,
  title={Compositional Dynamic Test Generation},
  author={Godefroid, Patrice},
  booktitle={ACM Sigplan Notices},
  volume={42},
  number={1},
  pages={47--54},
  year={2007},
  organization={ACM}
}

@inproceedings{avgerinos2014enhancing,
  title={Enhancing Symbolic Execution with Veritesting},
  author={Avgerinos, Thanassis and Rebert, Alexandre and Cha, Sang Kil and Brumley, David},
  booktitle={Proceedings of the 36th International Conference on Software Engineering},
  pages={1083--1094},
  year={2014},
  organization={ACM}
}

@inproceedings{puasuareanu2004verification,
  title={Verification of Java Programs using Symbolic Execution and Invariant Generation},
  author={P{\u{a}}s{\u{a}}reanu, Corina S and Visser, Willem},
  booktitle={International SPIN Workshop on Model Checking of Software},
  pages={164--181},
  year={2004},
  organization={Springer}
}

@inproceedings{anand2007jpf,
  title={JPF--SE: A Symbolic Execution Extension to Java PathFinder},
  author={Anand, Saswat and P{\u{a}}s{\u{a}}reanu, Corina S and Visser, Willem},
  booktitle={International Conference on Tools and Algorithms for the Construction and Analysis of Systems},
  pages={134--138},
  year={2007},
  organization={Springer, Berlin, Heidelberg}
}

@article{kuznetsov2012efficient,
  title={Efficient State Merging in Symbolic Execution},
  author={Kuznetsov, Volodymyr and Kinder, Johannes and Bucur, Stefan and Candea, George},
  journal={Acm Sigplan Notices},
  volume={47},
  number={6},
  pages={193--204},
  year={2012},
  publisher={ACM}
}

@article{SurveySymExec-CSUR18,
  author    = {Baldoni, Roberto and Coppa, Emilio and D'Elia, Daniele Cono and Demetrescu, Camil and Finocchi, Irene},
  title     = {A Survey of Symbolic Execution Techniques},
  journal   = {ACM Comput. Surv.},
  volume    = {51},
  number = {3},
  articleno = {50},
  publisher = {ACM},
  address = {New York, NY, USA},
  year = {2018}
}

@inproceedings{babic2008calysto,
  title={Calysto: Scalable and Precise Extended Static Checking},
  author={Babic, Domagoj and Hu, Alan},
  booktitle={Software Engineering, 2008. ICSE'08. ACM/IEEE 30th International Conference on},
  pages={211--220},
  year={2008},
  organization={IEEE}
}

@article{koelbl2005constructing,
  title={Constructing efficient formal models from high-level descriptions using symbolic simulation},
  author={Koelbl, Alfred and Pixley, Carl},
  journal={International Journal of Parallel Programming},
  volume={33},
  number={6},
  pages={645--666},
  year={2005},
  publisher={Springer}
}

@inproceedings{dillig2008sound,
  title={Sound, Complete and Scalable Path-Sensitive Analysis},
  author={Dillig, Isil and Dillig, Thomas and Aiken, Alex},
  booktitle={ACM SIGPLAN Notices},
  volume={43},
  number={6},
  pages={270--280},
  year={2008},
  organization={ACM}
}

@inproceedings{godefroid2005dart,
  title={DART: Directed Automated Random Testing},
  author={Godefroid, Patrice and Klarlund, Nils and Sen, Koushik},
  booktitle={ACM Sigplan Notices},
  volume={40},
  number={6},
  pages={213--223},
  year={2005},
  organization={ACM}
}

@inproceedings{bounimova2013billions,
  title={Billions and Billions of Constraints: Whitebox Fuzz Testing in Production},
  author={Bounimova, Ella and Godefroid, Patrice and Molnar, David},
  booktitle={Proceedings of the 2013 International Conference on Software Engineering},
  pages={122--131},
  year={2013},
  organization={IEEE Press}
}

@inproceedings{torlak2014lightweight,
  title={A lightweight symbolic virtual machine for solver-aided host languages},
  author={Torlak, Emina and Bodik, Rastislav},
  booktitle={ACM SIGPLAN Notices},
  volume={49},
  number={6},
  pages={530--541},
  year={2014},
  organization={ACM}
}

@inproceedings{cadar2005execution,
  title={Execution Generated Test Cases: How to Make Systems Code Crash Itself},
  author={Cadar, Cristian and Engler, Dawson},
  booktitle={International SPIN Workshop on Model Checking of Software},
  pages={2--23},
  year={2005},
  organization={Springer}
}

@article{xie2005scalable,
  title={Scalable error detection using boolean satisfiability},
  author={Xie, Yichen and Aiken, Alex},
  journal={Acm Sigplan Notices},
  volume={40},
  number={1},
  pages={351--363},
  year={2005},
  publisher={ACM}
}

@inproceedings{lin2016compositional,
  title={Compositional Symbolic Execution: Incremental Solving Revisited},
  author={Lin, Yude and Miller, Tim and S{\o}ndergaard, Harald},
  booktitle={Software Engineering Conference (APSEC), 2016 23rd Asia-Pacific},
  pages={273--280},
  year={2016},
  organization={IEEE}
}

@incollection{christakis2015ic,
  title={IC-Cut: a Compositional Search Strategy for Dynamic Test Generation},
  author={Christakis, Maria and Godefroid, Patrice},
  booktitle={Model Checking Software},
  pages={300--318},
  year={2015},
  publisher={Springer}
}

@inproceedings{xie2016proteus,
  title={Proteus: Computing Disjunctive Loop Summary via Path Dependency Analysis},
  author={Xie, Xiaofei and Chen, Bihuan and Liu, Yang and Le, Wei and Li, Xiaohong},
  booktitle={Proceedings of the 2016 24th ACM SIGSOFT International Symposium on Foundations of Software Engineering},
  pages={61--72},
  year={2016},
  organization={ACM}
}

@inproceedings{khurshid2003generalized,
  title={Generalized Symbolic Execution for Model Checking and Testing},
  author={Khurshid, Sarfraz and P{\u{a}}s{\u{a}}reanu, Corina S and Visser, Willem},
  booktitle={International Conference on Tools and Algorithms for the Construction and Analysis of Systems},
  pages={553--568},
  year={2003},
  organization={Springer}
}

@article{deng2012efficient,
  title={Efficient and Formal Generalized Symbolic Execution},
  author={Deng, Xianghua and Lee, Jooyong and others},
  journal={Automated Software Engineering},
  volume={19},
  number={3},
  pages={233--301},
  year={2012},
  publisher={Springer US}
}

@inproceedings{zhu2013compositional,
  title={Compositional and lightweight dependent type inference for ML},
  author={Zhu, He and Jagannathan, Suresh},
  booktitle={International Workshop on Verification, Model Checking, and Abstract Interpretation},
  pages={295--314},
  year={2013},
  organization={Springer}
}

@article{cathcart2017higher,
  title={Higher-order constrained horn clauses for verification},
  author={Cathcart Burn, Toby and Ong, C-H Luke and Ramsay, Steven J},
  journal={Proceedings of the ACM on Programming Languages},
  volume={2},
  number={POPL},
  pages={11},
  year={2017},
  publisher={ACM}
}

@inproceedings{leach2001higher,
  title={A higher-order logic programming language with constraints},
  author={Leach, Javier and Nieva, Susana},
  booktitle={International Symposium on Functional and Logic Programming},
  pages={108--122},
  year={2001},
  organization={Springer}
}

@inproceedings{wadge1991higher,
  title={Higher-Order Horn Logic Programming.},
  author={Wadge, William W},
  booktitle={ISLP},
  pages={289--303},
  year={1991}
}

----
@article{mcmillan2013computing,
  title={Computing relational fixed points using interpolation},
  author={McMillan, Kenneth and Rybalchenko, Andrey},
  journal={Technical report, Technical report, 2012},
  year={2013}
}

@inproceedings{zhu2018data,
  title={A data-driven CHC solver},
  author={Zhu, He and Magill, Stephen and Jagannathan, Suresh},
  booktitle={Proceedings of the 39th ACM SIGPLAN Conference on Programming Language Design and Implementation},
  pages={707--721},
  year={2018},
  organization={ACM}
}
@inproceedings{hojjat2012verification,
  title={A verification toolkit for numerical transition systems},
  author={Hojjat, Hossein and Kone{\v{c}}n{\`y}, Filip and Garnier, Florent and Iosif, Radu and Kuncak, Viktor and R{\"u}mmer, Philipp},
  booktitle={International Symposium on Formal Methods},
  pages={247--251},
  year={2012},
  organization={Springer}
}
@article{kafle2016solving,
  title={Solving non-linear Horn clauses using a linear Horn clause solver},
  author={Kafle, Bishoksan and Gallagher, John P and Ganty, Pierre},
  journal={arXiv preprint arXiv:1607.04459},
  year={2016}
}
@inproceedings{hoder2012generalized,
  title={Generalized property directed reachability},
  author={Hoder, Kry{\v{s}}tof and Bj{\o}rner, Nikolaj},
  booktitle={International Conference on Theory and Applications of Satisfiability Testing},
  pages={157--171},
  year={2012},
  organization={Springer}
}
@article{komuravelli2016smt,
  title={SMT-based model checking for recursive programs},
  author={Komuravelli, Anvesh and Gurfinkel, Arie and Chaki, Sagar},
  journal={Formal Methods in System Design},
  volume={48},
  number={3},
  pages={175--205},
  year={2016},
  publisher={Springer}
}
@inproceedings{fedyukovich2017sampling,
  title={Sampling invariants from frequency distributions},
  author={Fedyukovich, Grigory and Kaufman, Samuel J and Bod{\'\i}k, Rastislav},
  booktitle={Proceedings of the 17th Conference on Formal Methods in Computer-Aided Design},
  pages={100--107},
  year={2017},
  organization={FMCAD Inc}
}
@inproceedings{grebenshchikov2012hsf,
  title={HSF (C): A software verifier based on Horn clauses},
  author={Grebenshchikov, Sergey and Gupta, Ashutosh and Lopes, Nuno P and Popeea, Corneliu and Rybalchenko, Andrey},
  booktitle={International Conference on Tools and Algorithms for the Construction and Analysis of Systems},
  pages={549--551},
  year={2012},
  organization={Springer}
}

@inproceedings{gurfinkel2015seahorn,
  title={The SeaHorn verification framework},
  author={Gurfinkel, Arie and Kahsai, Temesghen and Komuravelli, Anvesh and Navas, Jorge A},
  booktitle={International Conference on Computer Aided Verification},
  pages={343--361},
  year={2015},
  organization={Springer}
}
@inproceedings{kahsai2016jayhorn,
  title={JayHorn: A framework for verifying Java programs},
  author={Kahsai, Temesghen and R{\"u}mmer, Philipp and Sanchez, Huascar and Sch{\"a}f, Martin},
  booktitle={International Conference on Computer Aided Verification},
  pages={352--358},
  year={2016},
  organization={Springer, Cham}
}
@misc{mordvinovverifying,
  title={Verifying Safety of Functional Programs with Rosette/Unbound. CoRR, abs/1704.04558, 2017},
  author={Mordvinov, D and Fedyukovich, G},
  year={2017}
}

@inproceedings{gurfinkel2017context,
  title={A Context-Sensitive Memory Model for Verification of C/C++ Programs},
  author={Gurfinkel, Arie and Navas, Jorge A},
  booktitle={International Static Analysis Symposium},
  pages={148--168},
  year={2017},
  organization={Springer}
}
@inproceedings{kahsai2017quantified,
  title={Quantified Heap Invariants for Object-Oriented Programs},
  author={Kahsai, Temesghen and Kersten, Rody and R{\"u}mmer, Philipp and Sch{\"a}f, Martin},
  booktitle={Logic for Programming, Artificial Intelligence and Reasoning},
  pages={368--384},
  year={2017}
}
@inproceedings{albarghouthi2017probabilistic,
  title={Probabilistic Horn Clause Verification},
  author={Albarghouthi, Aws},
  booktitle={International Static Analysis Symposium},
  pages={1--22},
  year={2017},
  organization={Springer}
}

@inproceedings{vazou2015bounded,
  title={Bounded refinement types},
  author={Vazou, Niki and Bakst, Alexander and Jhala, Ranjit},
  booktitle={ACM SIGPLAN Notices},
  volume={50},
  number={9},
  pages={48--61},
  year={2015},
  organization={ACM}
}
@article{unno2013automating,
  title={Automating relatively complete verification of higher-order functional programs},
  author={Unno, Hiroshi and Terauchi, Tachio and Kobayashi, Naoki},
  journal={ACM SIGPLAN Notices},
  volume={48},
  number={1},
  pages={75--86},
  year={2013},
  publisher={ACM}
}

@inproceedings{anand2008demand,
  title={Demand-driven compositional symbolic execution},
  author={Anand, Saswat and Godefroid, Patrice and Tillmann, Nikolai},
  booktitle={International Conference on Tools and Algorithms for the Construction and Analysis of Systems},
  pages={367--381},
  year={2008},
  organization={Springer}
}

@incollection{bjorner2015horn,
  title={Horn clause solvers for program verification},
  author={Bj{\o}rner, Nikolaj and Gurfinkel, Arie and McMillan, Ken and Rybalchenko, Andrey},
  booktitle={Fields of Logic and Computation II},
  pages={24--51},
  year={2015},
  publisher={Springer}
}

@article{chen1993hilog,
  title={HiLog: A foundation for higher-order logic programming},
  author={Chen, Weidong and Kifer, Michael and Warren, David S},
  journal={The Journal of Logic Programming},
  volume={15},
  number={3},
  pages={187--230},
  year={1993},
  publisher={Elsevier}
}
