% doc quality and importance
@inproceedings{plosch2014value,
  title={The value of software documentation quality},
  author={Pl{\"o}sch, Reinhold and Dautovic, Andreas and Saft, Matthias},
  booktitle={2014 14th International Conference on Quality Software},
  pages={333--342},
  year={2014},
  organization={IEEE}
}


@article{huang1994global,
  title={On global sequence alignment},
  author={Huang, Xiaoqui},
  journal={Bioinformatics},
  volume={10},
  number={3},
  pages={227--235},
  year={1994},
  publisher={Oxford University Press}
}


@article{chomal2014significance,
  title={Significance of Software Documentation in Software Development Process},
  author={Chomal, Vikas S and Saini, Jatinderkumar R},
  journal={International Journal of Engineering Innovations and Research},
  volume={3},
  number={4},
  pages={410},
  year={2014},
  publisher={International Journal of Engineering Innovations and Research (IJEIR)}
}

@article{kipyegen2013importance,
  title={Importance of software documentation},
  author={Kipyegen, Noela Jemutai and Korir, William PK},
  journal={International Journal of Computer Science Issues (IJCSI)},
  volume={10},
  number={5},
  pages={223},
  year={2013},
  publisher={International Journal of Computer Science Issues (IJCSI)}
}


% emprical evaluation of clone amountenss

@inproceedings{soto2015similarity,
  title={Similarity-based support for text reuse in technical writing},
  author={Soto, Axel J and Mohammad, Abidalrahman and Albert, Andrew and Islam, Aminul and Milios, Evangelos and Doyle, Michael and Minghim, Rosane and Ferreira de Oliveira, Maria Cristina},
  booktitle={Proceedings of the 2015 ACM Symposium on Document Engineering},
  pages={97--106},
  year={2015}
}

@inproceedings{juergens2010can,
  title={Can clone detection support quality assessments of requirements specifications?},
  author={Juergens, Elmar and Deissenboeck, Florian and Feilkas, Martin and Hummel, Benjamin and Schaetz, Bernhard and Wagner, Stefan and Domann, Christoph and Streit, Jonathan},
  booktitle={Proceedings of the 32nd ACM/IEEE International Conference on Software Engineering-Volume 2},
  pages={79--88},
  year={2010}
}

@inproceedings{poruban2016preliminary,
  title={Preliminary report on empirical study of repeated fragments in internal documentation},
  author={Porub{\"a}n, Jaroslav and others},
  booktitle={2016 Federated Conference on Computer Science and Information Systems (FedCSIS)},
  pages={1573--1576},
  year={2016},
  organization={IEEE}
}

@inproceedings{oumaziz2017documentation,
  title={Documentation reuse: Hot or not? An empirical study},
  author={Oumaziz, Mohamed A and Charpentier, Alan and Falleri, Jean-R{\'e}my and Blanc, Xavier},
  booktitle={International Conference on Software Reuse},
  pages={12--27},
  year={2017},
  organization={Springer}
}


@inproceedings{blasi2018replicomment,
  title={Replicomment: identifying clones in code comments},
  author={Blasi, Arianna and Gorla, Alessandra},
  booktitle={Proceedings of the 26th Conference on Program Comprehension},
  pages={320--323},
  year={2018}
}



@article{rago2016identifying,
  title={Identifying duplicate functionality in textual use cases by aligning semantic actions},
  author={Rago, Alejandro and Marcos, Claudia and Diaz-Pace, J Andres},
  journal={Software \& Systems Modeling},
  volume={15},
  number={2},
  pages={579--603},
  year={2016},
  publisher={Springer}
}



@article{luciv2016fuzzy,
  title={On fuzzy repetitions detection in documentation reuse},
  author={Luciv, DV and Koznov, DV and Basit, Hamid Abdul and Terekhov, Andrey N},
  journal={Programming and Computer Software},
  volume={42},
  number={4},
  pages={216--224},
  year={2016},
  publisher={Springer}
}

@inproceedings{koznov2017duplicate,
  title={Duplicate management in software documentation maintenance},
  author={Koznov, DV and Luciv, DV and Chernishev, GA},
  booktitle={CEUR Workshop Proceedings},
  volume={1989},
  pages={195--201},
  year={2017},
  organization={RWTH Aahen University}
}







@article{luciv2018detecting,
  title={Detecting near duplicates in software documentation},
  author={Luciv, DV and Koznov, DV and Chernishev, George A and Terekhov, Andrey N and Romanovsky, K Yu and Grigoriev, Dmitry A},
  journal={Programming and Computer Software},
  volume={44},
  number={5},
  pages={335--343},
  year={2018},
  publisher={Springer}
}



@inproceedings{luciv2018duplicate,
  title={Duplicate finder toolkit},
  author={Luciv, Dmitry and Koznov, Dmitrij and Chernishev, George and Basit, Hamid Abdul and Romanovsky, Konstantin and Terekhov, Andrey},
  booktitle={Proceedings of the 40th International Conference on Software Engineering: Companion Proceeedings},
  pages={171--172},
  year={2018}
}


@article{luciv2019interactive,
  title={Interactive Duplicate Search in Software Documentation},
  author={Luciv, DV and Koznov, DV and Shelikhovskii, AA and Romanovsky, K Yu and Chernishev, GA and Terekhov, AN and Grigoriev, DA and Smirnova, AN and Borovkov, DV and Vasenina, AI},
  journal={arXiv preprint arXiv:1908.08266},
  year={2019}
}

% reuse

@inproceedings{horie2010tool,
  title={Tool support for crosscutting concerns of API documentation},
  author={Horie, Michihiro and Chiba, Shigeru},
  booktitle={Proceedings of the 9th International Conference on Aspect-Oriented Software Development},
  pages={97--108},
  year={2010}
}

@article{poruban2014reusable,
  title={Reusable software documentation with phrase annotations},
  author={Porub{\"a}n, Jaroslav and others},
  journal={Central European Journal of Computer Science},
  volume={4},
  number={4},
  pages={242--258},
  year={2014},
  publisher={Springer}
}

@inproceedings{koznov2015clone,
  title={Clone detection in reuse of software technical documentation},
  author={Koznov, Dmitrij and Luciv, Dmitry and Basit, Hamid Abdul and Lieh, Ouh Eng and Smirnov, Mikhail},
  booktitle={International Andrei Ershov Memorial Conference on Perspectives of System Informatics},
  pages={170--185},
  year={2015},
  organization={Springer}
}


% semi-local


@inproceedings{tiskin2006all,
  title={All semi-local longest common subsequences in subquadratic time},
  author={Tiskin, Alexander},
  booktitle={International Computer Science Symposium in Russia},
  pages={352--363},
  year={2006},
  organization={Springer}
}

@misc{alex2007semilocal,
    title={Semi-local string comparison: algorithmic techniques and applications},
    author={Alexander Tiskin},
    year={2007},
    eprint={0707.3619},
    archivePrefix={arXiv},
    primaryClass={cs.DS}
}

@article{tiskin2015fast,
  title={Fast distance multiplication of unit-Monge matrices},
  author={Tiskin, Alexander},
  journal={Algorithmica},
  volume={71},
  number={4},
  pages={859--888},
  year={2015},
  publisher={Springer}
}

@article{gawrychowski2020submatrix,
  title={Submatrix Maximum Queries in Monge and Partial Monge Matrices Are Equivalent to Predecessor Search},
  author={Gawrychowski, Pawe{\l} and Mozes, Shay and Weimann, Oren},
  journal={ACM Transactions on Algorithms (TALG)},
  volume={16},
  number={2},
  pages={1--24},
  year={2020},
  publisher={ACM New York, NY, USA}
}



% BIO
@article{baxter2012conserved,
  title={Conserved noncoding sequences highlight shared components of regulatory networks in dicotyledonous plants},
  author={Baxter, Laura and Jironkin, Aleksey and Hickman, Richard and Moore, Jay and Barrington, Christopher and Krusche, Peter and Dyer, Nigel P and Buchanan-Wollaston, Vicky and Tiskin, Alexander and Beynon, Jim and others},
  journal={The Plant Cell},
  volume={24},
  number={10},
  pages={3949--3965},
  year={2012},
  publisher={Am Soc Plant Biol}
}

@article{davies2015analysis,
  title={Analysis of 5â€™gene regions reveals extraordinary conservation of novel non-coding sequences in a wide range of animals},
  author={Davies, Nathaniel J and Krusche, Peter and Tauber, Eran and Ott, Sascha},
  journal={BMC evolutionary biology},
  volume={15},
  number={1},
  pages={227},
  year={2015},
  publisher={Springer}
}

@article{picot2010evolutionary,
  title={Evolutionary analysis of regulatory sequences (EARS) in plants},
  author={Picot, Emma and Krusche, Peter and Tiskin, Alexander and Carr{\'e}, Isabelle and Ott, Sascha},
  journal={The Plant Journal},
  volume={64},
  number={1},
  pages={165--176},
  year={2010},
  publisher={Wiley Online Library}
}


%smawk 
@article{aggarwal1987geometric,
  title={Geometric applications of a matrix-searching algorithm},
  author={Aggarwal, Alok and Klawe, Maria M and Moran, Shlomo and Shor, Peter and Wilber, Robert},
  journal={Algorithmica},
  volume={2},
  number={1-4},
  pages={195--208},
  year={1987},
  publisher={Springer}
}


@article{arslan2004dynamic,
  title={Dynamic programming based approximation algorithms for sequence alignment with constraints},
  author={Arslan, Abdullah N and E{\u{g}}ecio{\u{g}}lu, {\"O}mer},
  journal={INFORMS Journal on Computing},
  volume={16},
  number={4},
  pages={441--458},
  year={2004},
  publisher={INFORMS}
}\

@inproceedings{tiskin2019bounded,
  title={Bounded-Length Smith-Waterman Alignment},
  author={Tiskin, Alexander},
  booktitle={19th International Workshop on Algorithms in Bioinformatics (WABI 2019)},
  year={2019},
  organization={Schloss Dagstuhl-Leibniz-Zentrum fuer Informatik}
}


% impossibility
@inproceedings{abboud2015tight,
  title={Tight hardness results for LCS and other sequence similarity measures},
  author={Abboud, Amir and Backurs, Arturs and Williams, Virginia Vassilevska},
  booktitle={2015 IEEE 56th Annual Symposium on Foundations of Computer Science},
  pages={59--78},
  year={2015},
  organization={IEEE}
}


@article{dongen2000cluster,
  title={A cluster algorithm for graphs},
  author={Dongen, Stijn},
  year={2000},
  publisher={CWI (Centre for Mathematics and Computer Science)}
}

@article{tofigh2009optimum,
  title={Optimum branchings and spanning aborescences},
  author={Tofigh, Ali},
  journal={Advanced Algorithms course notes, Sep},
  year={2009}
}


@inproceedings{tiskin2009periodic,
  title={Periodic string comparison},
  author={Tiskin, Alexander},
  booktitle={Annual Symposium on Combinatorial Pattern Matching},
  pages={193--206},
  year={2009},
  organization={Springer}
}

@inproceedings{tiskin2006longest,
  title={Longest common subsequences in permutations and maximum cliques in circle graphs},
  author={Tiskin, Alexander},
  booktitle={Annual Symposium on Combinatorial Pattern Matching},
  pages={270--281},
  year={2006},
  organization={Springer}
}

@inproceedings{tiskin2011towards,
  title={Towards approximate matching in compressed strings: Local subsequence recognition},
  author={Tiskin, Alexander},
  booktitle={International Computer Science Symposium in Russia},
  pages={401--414},
  year={2011},
  organization={Springer}
}

@article{tiskin2008semi,
  title={Semi-local string comparison: Algorithmic techniques and applications},
  author={Tiskin, Alexander},
  journal={Mathematics in Computer Science},
  volume={1},
  number={4},
  pages={571--603},
  year={2008},
  publisher={Springer}
}

@inproceedings{krusche2009parallel,
  title={Parallel longest increasing subsequences in scalable time and memory},
  author={Krusche, Peter and Tiskin, Alexander},
  booktitle={International Conference on Parallel Processing and Applied Mathematics},
  pages={176--185},
  year={2009},
  organization={Springer}
}