
@online{Prosa,
    title       = {Сайт проекта Prosa},
    url         = {https://prosa.mpi-sws.org}
}


@inproceedings{lakshmanan:2,
  author  = {K. Lakshmanan, and D. de Niz, and R. Rajkumar}, 
  title = {Coordinated task scheduling, allocation and synchronization on multiprocessors},
  booktitle = {30th IEEE Real-Time Systems Symposium (RTSS’09)},
  shortbooktitle = {RTSS},
  pages = {469–478},
  year = {2009}
}

@online{Coq,
  title         = {Сайт проекта Coq},
  url           = {https://coq.inria.fr}
}

% ------------------------------------------------------------------------------
% ------------------------------------------------------------------------------
% ------------------------------------------------------------------------------

@inproceedings{Bril06messageresponse,
    author = {R. J. Bril, and J. J. Lukkien, and R. I. Davis},
    title = {Message response time analysis for ideal controller area network (CAN) refuted},
    booktitle = {In (to appear) Proc. 5th International Workshop on Real Time Networks (RTN},
    year = {2006}
}

@inproceedings{nelissen,
  author  = {G. Nelissen, and J. Fonseca, and G. Raravi, and V. Nelis}, 
  title = {Timing analysis of fixed priority self-suspending sporadic tasks},
  booktitle = {27th Euromicro Conference on Real-Time Systems (ECRTS’15)},
  shortbooktitle = {ECRTS},
  year = {2015}
}  

@inproceedings{tindell,
  author  = {K. Tindell, and H. Hansson, and A. J. Wellings}, 
  title = {Analysing real-time communications: Controller Area Network (CAN)},
  booktitle = {15th Real-Time Systems Symposium (RTSS’94)},
  shortbooktitle = {RTSS},
  pages = {256-270},
  year = {1994}
}  


@inproceedings{lakshmanan:1,
  author  = {K. Lakshmanan, and R. Rajkumar}, 
  title = {Scheduling self-suspending real-time tasks with rate-monotonic priorities},
  booktitle = {16th Real-Time and Embedded Technology and Applications Symposium (RTAS’10)},
  shortbooktitle = {RTAS},
  year = {2010}
}




% * <gkerfimf@gmail.com> 15:01:01 03 Feb 2018 UTC+0300:
% fix, add: TU Dortmund, Tech. Rep. 854, 
@techreport{chen,
    author={J.-J. Chen, and G. Nelissen, and W.-H. Huang, and M. Yang, and B. Brandenburg, and K. Bletsas, and C. Liu, and P. Richard, and F. Ridouard, and N. Audsley, and R. Rajkumar, and D. de Niz},
    title={Many suspensions, many problems: A review of self-suspending tasks in real-time systems},
    year={2016},
    institution={Department of Computer Science}
}

@inproceedings{gonthier:1,
  author={G. Gonthier},
  title={A computer-checked proof of the Four Colour Theorem},
  year={2005},
}

@inproceedings{gonthier:2,
  author  = {G. Gonthier, and A. Asperti, and J. Avigad, and Y. Bertot, and C. Cohen, and F. Garillot, and S. Roux, and A. Mahboubi, and R. O’Connor, and S. Ould Biha, and I. Pasca, and L. Rideau, and A. Solovyev, and E. Tassi, and L. Thery}, 
  title = {A machine-checked proof of the Odd Order Theorem},
  booktitle = {4th International Conference on Interactive Theorem Proving (ITP’13)},
  shortbooktitle = {ITP},
  year = {2013}
}


% * <gkerfimf@gmail.com> 16:53:46 03 Feb 2018 UTC+0300:
% TODO: check
@article{leroy,
  author = {X. Leroy},
  title = {Formal verification of a realistic compiler},
  journal = {Communications of the ACM},
  volume={52},
  number={7},
  pages={107-115},
  year={2009},
  publisher={ACM}
}

@inproceedings{klein,
  author  = {G. Klein, and K. Elphinstone, and G. Heiser, and J. Andronick, and D. Cock, and P. Derrin, and D. Elkaduwe, and K. Engelhardt, and R. Kolanski, and M. Norrish and T. Sewell, and H. Tuch, and S. Winwood},
  title = {seL4: Formal verification of an OS kernel},
  booktitle = {22nd Symposium on Operating Systems Principles (SOSP’09)},
  shortbooktitle = {SOSP},
  pages={207--220},
  year = {2009}
}

@inproceedings{chen:2,
  author  = {H. Chen, and D. Ziegler, and T. Chajed, and A. Chlipala, and M. F. Kaashoek, and N. Zeldovich},
  title = {Using Crash Hoare logic for certifying the FSCQ file system},
  booktitle = {25th Symposium on Operating Systems Principles (SOSP’15)},
  shortbooktitle = {SOSP},
  pages={18--37},
  year = {2015}
}








@inproceedings{error:Audsleyfixedpriority,
    author = {N. C. Audsley, and K. Bletsas},
    title = "Fixed priority timing analysis of real-time systems with limited parallelism",
    year = "2004",
    isbn = "0-7695-2176-2",
    pages = "231--238",
    booktitle = "16th Euromicro Conference on on Real-Time Systemss (ECRTS’04)",
    shortbooktitle = {ECRTS}
}

@inproceedings{error:Audsleyrealisticanalisys,

    author = {N. C. Audsley, and K. Bletsas},
    title = "Realistic Analysis of Limited Parallel Software / Hardware Implementations",
    year = "2004",
    doi = "10.1109/RTTAS.2004.1317285",
    pages = "388--395",
    booktitle = "10th Real-Time and Embedded Technology and Applications Symposium (RTAS’04)",
    shortbooktitle = {RTAS}
}

@inproceedings{kim:realtimescheduling,
  author  = {I.-G. Kim, and K.-H. Choi, and S.-K. Park, and D.-Y. Kim, and M.-P. Hong},  
  title = {Real-time scheduling of tasks that contain the external blocking intervals},
  booktitle = {Proceedings of the 2nd International Workshop on Real-Time Computing Systems and Applications (RTCSA'95)},
  shortbooktitle = {RTCSA},
  pages={54},
  year = {1995}
}


@article{Lakshmanan2010SchedulingPR,
  author={K. Lakshmanan, and S. Kato, and R. Rajkumar},
  title={Scheduling Parallel Real-Time Tasks on Multi-core Processors},
  journal={31s Real-Time Systems Symposium (RTSS'2010)},
  year={2010},
  pages={259-268}
}

@article{Liu1973SchedulingAF,
  author={C. L. Liu, and J. W. Layland},
  title={Scheduling Algorithms for Multiprogramming in a Hard-Real-Time Environment},
  journal={J. ACM},
  year={1973},
  volume={20},
  pages={46-61}
}

@inproceedings{Serlin1971SchedulingOT,
  author={O. Serlin},
  title={Scheduling of time critical processes},
  booktitle={AFIPS Spring Joint Computing Conference},
  year={1971}
}


@article{Spuri1996SchedulingAT,
  author={M. Spuri, and G. C. Buttazzo},
  title={Scheduling aperiodic tasks in dynamic priority systems},
  journal={Real-Time Systems},
  year={1996},
  pages={179-210}
}

@inproceedings{Becker2001ExecutionEF,
  author={L. B. Becker},
  title={Execution Environment for Dynamically Scheduling Real-Time Tasks},
  year={2001}
}

@article{Baruah2003DynamicAS,
  author={S. K. Baruah},
  title={Dynamic- and Static-priority Scheduling of Recurring Real-time Tasks},
  journal={Real-Time Systems},
  year={2003},
  pages={93--128}
}



@inproceedings{Campoy2004SchedulabilityAI,
  author={A. M. Campoy, and S. S{\'a}ez, and A. Perles},
  title={Schedulability analisys in EDF scheduler with cache memories},
  year={2004}
}

@inproceedings{Wang1999SchedulingFT,
  author={Y. Wang, and M. Saksena},
  title={Scheduling Fixed-Priority Tasks with Preemption Threshold},
  booktitle={RTCSA},
  year={1999}
}

@inproceedings{Sakellariou2007SchedulingWW,
  author={R. Sakellariou, and H. Zhao, and E. Tsiakkouri, and M. D. Dikaiakos},
  title={Scheduling Workflows with Budget Constraints},
  year={2007}
}

@article{Kwok1999StaticSA,
  author={Y.-K. Kwok, and I. Ahmad},
  title={Static scheduling algorithms for allocating directed task graphs to multiprocessors},
  journal={ACM Comput. Surv.},
  year={1999},
  volume={31},
  pages={406-471}
}


@inproceedings{Lehoczky1990FixedPS,
  author={J. P. Lehoczky},
  title={Fixed Priority Scheduling of Periodic Task Sets with Arbitrary Deadlines},
  booktitle={RTSS},
  year={1990}
}


@article{Zhang2009SchedulabilityAF,
  author={F. Zhang, and A. Burns},
  title={Schedulability Analysis for Real-Time Systems with EDF Scheduling},
  journal={IEEE Transactions on Computers},
  year={2009},
  volume={58},
  pages={1250-1258}
}

@article{Guo2015EDFSA,
  author={Z. Guo, and L. Santinelli, and K. Yang},
  title={EDF Schedulability Analysis on Mixed-Criticality Systems with Permitted Failure Probability},
  journal={2015 IEEE 21st International Conference on Embedded and Real-Time Computing Systems and Applications},
  year={2015},
  pages={187-196}
}

@article{Bertogna2005ImprovedSA,
  author={M. Bertogna, and M. Cirinei, and G. Lipari},
  title={Improved schedulability analysis of EDF on multiprocessor platforms},
  journal={17th Euromicro Conference on Real-Time Systems (ECRTS'05)},
  year={2005}, 
  pages={209-218}
}


@article{Bertogna2011ImprovingFO,
  author={M. Bertogna, and G. C. Buttazzo, and G. Yao},
  title={Improving Feasibility of Fixed Priority Tasks Using Non-Preemptive Regions},
  journal={2011 IEEE 32nd Real-Time Systems Symposium},
  year={2011},
  pages={251-260}
}


@article{Buttazzo2003RateMV,
  author={G. C. Buttazzo},
  title={Rate Monotonic vs. EDF: Judgment Day},
  journal={Real-Time Systems},
  year={2003},
  volume={29},
  pages={5-26}
}

@article{Short2010ImprovedTM,
  author={M. Short},
  title={Improved Task Management Techniques for Enforcing EDF Scheduling on Recurring Tasks},
  journal={2010 16th IEEE Real-Time and Embedded Technology and Applications Symposium},
  year={2010},
  pages={56-65}
}


@inproceedings{Harbour2003ResponseTA,
  author={M. G. Harbour, and J. C. Palencia},
  title={Response Time Analysis for Tasks Scheduled under EDF within Fixed Priorities},
  booktitle={RTSS},
  year={2003}
}

@article{Tindell1994AnEA,
  author={K. Tindell, and A. Burns, and A. J. Wellings},
  title={An extendible approach for analyzing fixed priority hard real-time tasks},
  journal={Real-Time Systems},
  year={1994},
  volume={6},
  pages={133-151}
}



@inproceedings{Wang1999SchedulingFT,
  author={Y. Wang, and M. Saksena},
  title={Scheduling Fixed-Priority Tasks with Preemption Threshold},
  booktitle={RTCSA},
  year={1999}
}


@article{Liu1973SchedulingAF,
  author={C. L. Liu, and J. W. Layland},
  title={Scheduling Algorithms for Multiprogramming in a Hard-Real-Time Environment},
  journal={J. ACM},
  year={1973},
  volume={20},
  pages={46-61}
}

@inproceedings{Jeffay1991OnNS,
  author={K. Jeffay, and D. F. Stanat, and C. U. Martel},
  title={On Non-Preemptive Scheduling of Periodic and Sporadic Tasks},
  year={1991}
}

@article{LEUNG1982237,
author = {J. Y.-T. Leung, and J. Whitehead},
title = "On the complexity of fixed-priority scheduling of periodic, real-time tasks",
journal = "Performance Evaluation",
volume = "2",
number = "4",
pages = "237-250",
year = "1982",
issn = "0166-5316",
keywords = "Periodic Real-time Task, Fixed-priority Scheduling, Optimal Scheduling Algorithms, Multiprocessors System, NP-completeness"
}


@article{Joseph1986FindingRT,
  author={M. Joseph, and P. K. Pandya},
  title={Finding Response Times in a Real-Time System},
  journal={Comput. J.},
  year={1986},
  volume={29},
  pages={390-395}
}

@article{Baruah2006SustainableSA,
  author={S. K. Baruah, and A. Burns},
  title={Sustainable Scheduling Analysis},
  journal={2006 27th IEEE International Real-Time Systems Symposium (RTSS'06)},
  year={2006},
  pages={159-168}
}

@inproceedings{Lehoczky1989TheRM,
  author={J. P. Lehoczky, and L. Sha, and Y. Ding},
  title={The Rate Monotonic Scheduling Algorithm: Exact Characterization and Average Case Behavior},
  booktitle={RTSS},
  year={1989}
}


@article{Audsley1991HardRS,
  author = {N. C. Audsley, and A. Burns, and M. F. Richardson, and A. J. Wellings},
  title = {Hard Real-Time Scheduling: The Deadline-Monotonic Approach},
  journal = {IFAC Proceedings Volumes},
  volume = {24},
  number = {2},
  pages = {127-132},
  year = {1991}
}

@article{Dhall,
 title = {On a Real-Time Scheduling Problem},
 author = {S. K. Dhall, and C. L. Liu},
 journal = {Oper. Res.},
 issue_date = {February 1978},
 volume = {26},
 year = {1978},
 issn = {0030-364X},
 pages = {127-140},
 numpages = {14},
 doi = {10.1287/opre.26.1.127},
 acmid = {2775623},
 publisher = {INFORMS},
 address = {Institute for Operations Research and the Management Sciences (INFORMS), Linthicum, Maryland, USA}, 
} 

@inproceedings{Davis1993SchedulingST,
  author={R. I. Davis, and K. Tindell, and A. Burns},
  title={Scheduling slack time in fixed priority pre-emptive systems},
  booktitle={RTSS},
  year={1993}
}

@article{Elliott2011AnOK,
  author={G. A. Elliott, and J. H. Anderson},
  title={An optimal k-exclusion real-time locking protocol motivated by multi-GPU systems},
  journal={Real-Time Systems},
  year={2011},
  volume={49},
  pages={140-170}
}

% @inproceedings{VarvelDepartment1994ProportionateP,
%   title={Proportionate Progress : A Notion of Fairness in Resource Allocation},
%   author={S. K. Baruah, and N. K. Cohen, and C. G. Plaxton, and D. A. VarvelDepartment},
%   year={1994}
% }

@inproceedings{Grolleau2007TutorialOR,
  author={E. Grolleau},
  title={Tutorial on real-time scheduling},
  year={2007}
}