@inproceedings{beyer2009software,
  title={Software model checking via large-block encoding},
  author={Beyer, Dirk and Cimatti, Alessandro and Griggio, Alberto and Keremoglu, M Erkan and Sebastiani, Roberto and others},
  booktitle={Formal Methods in Computer-Aided Design, 2009. FMCAD 2009},
  pages={25--32},
  year={2009},
  organization={IEEE}
}

@inproceedings{avgerinos2014enhancing,
  title={Enhancing symbolic execution with veritesting},
  author={Avgerinos, Thanassis and Rebert, Alexandre and Cha, Sang Kil and Brumley, David},
  booktitle={Proceedings of the 36th International Conference on Software Engineering},
  pages={1083--1094},
  year={2014},
  organization={ACM}
}

@article{kuznetsov2012efficient,
  title={Efficient state merging in symbolic execution},
  author={Kuznetsov, Volodymyr and Kinder, Johannes and Bucur, Stefan and Candea, George},
  journal={Acm Sigplan Notices},
  volume={47},
  number={6},
  pages={193--204},
  year={2012},
  publisher={ACM}
}

@article{king1976symbolic,
  title={Symbolic execution and program testing},
  author={King, James C},
  journal={Communications of the ACM},
  volume={19},
  number={7},
  pages={385--394},
  year={1976},
  publisher={ACM}
}

@article{baldoni2018survey,
  title={A survey of symbolic execution techniques},
  author={Baldoni, Roberto and Coppa, Emilio and D’elia, Daniele Cono and Demetrescu, Camil and Finocchi, Irene},
  journal={ACM Computing Surveys (CSUR)},
  volume={51},
  number={3},
  pages={50},
  year={2018},
  publisher={ACM}
}


@inproceedings{godefroid2007compositional,
  title={Compositional dynamic test generation},
  author={Godefroid, Patrice},
  booktitle={ACM Sigplan Notices},
  volume={42},
  number={1},
  pages={47--54},
  year={2007},
  organization={ACM}
}

@inproceedings{hansen2009state,
  title={State joining and splitting for the symbolic execution of binaries},
  author={Hansen, Trevor and Schachte, Peter and S{\o}ndergaard, Harald},
  booktitle={International Workshop on Runtime Verification},
  pages={76--92},
  year={2009},
  organization={Springer}
}

@inproceedings{jaffar2012tracer,
  title={TRACER: A symbolic execution tool for verification},
  author={Jaffar, Joxan and Murali, Vijayaraghavan and Navas, Jorge A and Santosa, Andrew E},
  booktitle={International Conference on Computer Aided Verification},
  pages={758--766},
  year={2012},
  organization={Springer}
}

@inproceedings{mcmillan2010lazy,
  title={Lazy annotation for program testing and verification},
  author={McMillan, Kenneth L},
  booktitle={International Conference on Computer Aided Verification},
  pages={104--118},
  year={2010},
  organization={Springer}
}

@inbook{kostyukov2018csewu,
  title={Кучи как чистые функции: композициональное символьное исполнение без раскрутки},
  author={Юрий Олегович Костюков},
  booktitle={Труды лаборатории языковых инструментов},
  language={russian},
  series={6},
  pages={288--346},
  year={2018},
  organization={JetBrains Research}
}
